%% This document is a bibtex export of HAL publication
%% Date of the export : 02/05/2012
%% Criteria : Author : 'friggeri'

%%
%% inria-00490195, version 2
%% http://hal.inria.fr/inria-00490195
%%

@article{reinhardt2009schrodinger,
  title={Schr{\"o}dinger Cats in Double Well Bose Condensates: Modeling Their Collapse and Detection via Quantum State Diffusion},
  author={Reinhardt, William P and Stanich, Cynthia A and Schillaci, Cory D},
  journal={Applied Mathematics And Information Sciences},
  volume={3},
  number={3},
  pages={273--299},
  year={2009}
}

@article{schillaci2014energy,
 title = {Energy spectra of two interacting fermions with spin-orbit coupling in a harmonic trap},
  author = {Schillaci, Cory D. and Luu, Thomas C.},
  journal = {Phys. Rev. A},
  volume = {91},
  pages = {043606},
  numpages = {10},
  year = {2015},
  doi = {10.1103/PhysRevA.91.043606},
  url = {http://link.aps.org/doi/10.1103/PhysRevA.91.043606}
}